# Query2Label
@misc{Query2Label,
      title={Query2Label: A Simple Transformer Way to Multi-Label Classification}, 
      author={Shilong Liu and Lei Zhang and Xiao Yang and Hang Su and Jun Zhu},
      year={2021},
      eprint={2107.10834},
      archivePrefix={arXiv},
      primaryClass={cs.CV},
      url={https://arxiv.org/abs/2107.10834}, 
}

# MLSP
@misc{mlsp,
      title={Multi-Label Learning from Single Positive Labels}, 
      author={Elijah Cole and Oisin Mac Aodha and Titouan Lorieul and Pietro Perona and Dan Morris and Nebojsa Jojic},
      year={2021},
      eprint={2106.09708},
      archivePrefix={arXiv},
      primaryClass={cs.CV},
      url={https://arxiv.org/abs/2106.09708}, 
}

# Dataset | MS-COCO 2014
@misc{coco14,
      title={Microsoft COCO: Common Objects in Context}, 
      author={Tsung-Yi Lin and Michael Maire and Serge Belongie and Lubomir Bourdev and Ross Girshick and James Hays and Pietro Perona and Deva Ramanan and C. Lawrence Zitnick and Piotr Dollár},
      year={2015},
      eprint={1405.0312},
      archivePrefix={arXiv},
      primaryClass={cs.CV},
      url={https://arxiv.org/abs/1405.0312}, 
}

# ======================================================
# Introduction citations
# ======================================================

# ML-Decoder
@misc{ridnik2021mldecoderscalableversatileclassification,
      title={ML-Decoder: Scalable and Versatile Classification Head}, 
      author={Tal Ridnik and Gilad Sharir and Avi Ben-Cohen and Emanuel Ben-Baruch and Asaf Noy},
      year={2021},
      eprint={2111.12933},
      archivePrefix={arXiv},
      primaryClass={cs.CV},
      url={https://arxiv.org/abs/2111.12933}, 
}

# ======================================================
# Related Work
# ======================================================

# PU learning
@article{Bekker_2020,
   title={Learning from positive and unlabeled data: a survey},
   volume={109},
   ISSN={1573-0565},
   url={http://dx.doi.org/10.1007/s10994-020-05877-5},
   DOI={10.1007/s10994-020-05877-5},
   number={4},
   journal={Machine Learning},
   publisher={Springer Science and Business Media LLC},
   author={Bekker, Jessa and Davis, Jesse},
   year={2020},
   month=apr, pages={719–760} 
}

# PU learning
@inproceedings{Li_2003,
author = {Li, Xiaoli and Liu, Bing},
year = {2003},
month = {01},
pages = {587-594},
title = {Learning to Classify Texts Using Positive and Unlabeled Data.},
journal = {Proceedings of Eighteenth International Joint Conference on Artificial Intelligence (IJCAI-03): 2003; Acapulco, Mexico}
}

# ======================================================
# Backbone Architecture
# ======================================================

@misc{CvT,
      title={CvT: Introducing Convolutions to Vision Transformers}, 
      author={Haiping Wu and Bin Xiao and Noel Codella and Mengchen Liu and Xiyang Dai and Lu Yuan and Lei Zhang},
      year={2021},
      eprint={2103.15808},
      archivePrefix={arXiv},
      primaryClass={cs.CV},
      url={https://arxiv.org/abs/2103.15808}, 
}