% Main article - check
@misc{zhang2023deep,
      title={Deep Long-Tailed Learning: A Survey}, 
      author={Yifan Zhang and Bingyi Kang and Bryan Hooi and Shuicheng Yan and Jiashi Feng},
      year={2023},
      eprint={2110.04596},
      archivePrefix={arXiv},
      primaryClass={cs.CV},
      url={https://arxiv.org/abs/2110.04596}, 
}

% iNaturalist - check
@misc{inaturalist,
      title={The iNaturalist Species Classification and Detection Dataset}, 
      author={Grant Van Horn and Oisin Mac Aodha and Yang Song and Yin Cui and Chen Sun and Alex Shepard and Hartwig Adam and Pietro Perona and Serge Belongie},
      year={2018},
      eprint={1707.06642},
      archivePrefix={arXiv},
      primaryClass={cs.CV},
      url={https://arxiv.org/abs/1707.06642}, 
}

% CNN illustration
@misc{mathworks_cnn,
  author = {mathworks.com},
  title        = {What Is a Convolutional Neural Network?},
  howpublished = {Available: \url{https://www.mathworks.com/discovery/convolutional-neural-network.html}},
  note         = {Accessed: 28-11-2024, 2024}
}

% ViT-B/16 - check
@misc{dosovitskiy2021imageworth16x16words,
      title={An Image is Worth 16x16 Words: Transformers for Image Recognition at Scale}, 
      author={Alexey Dosovitskiy and Lucas Beyer and Alexander Kolesnikov and Dirk Weissenborn and Xiaohua Zhai and Thomas Unterthiner and Mostafa Dehghani and Matthias Minderer and Georg Heigold and Sylvain Gelly and Jakob Uszkoreit and Neil Houlsby},
      year={2021},
      eprint={2010.11929},
      archivePrefix={arXiv},
      primaryClass={cs.CV},
      url={https://arxiv.org/abs/2010.11929}, 
}